Polymer

@ONLINE{polymer_project,
  url = {https://www.polymer-project.org/}
}
@ONLINE{polymer_docs,
  url = {https://www.polymer-project.org/1.0/docs/devguide/feature-overview.html}
}
@ONLINE{web_comp2,
  url = {http://webcomponents.org/polyfills/}
}
@ONLINE{web_comp1,
  url = {https://css-tricks.com/modular-future-web-components/}
}

Blender

@ONLINE{blender,
  url = {http://www.html.it/guide/blender-3d-guida/}
}
@ONLINE{node_editor1,
  url = {http://wiki.blender.org}
}
@ONLINE{import_script,
  url = {https://en.wikibooks.org/wiki/Blender_3D:_Noob_to_Pro/Advanced_Tutorials/Python_Scripting/Import_scripts}
}
@ONLINE{reduce_noise,
  url = {https://www.blender.org/manual/render/cycles/reducing_noise.html}
}
@ONLINE{blender_env,
  url = {http://download.blender.org/documentation/oldsite/oldsite.blender3d.org/100_Blender%20tutorial%20EnvMaps.html}
}
@ONLINE{node_editor3,
  url = {http://www.html.it/pag/42084/nodi-e-postproduzione/}
}

Rendering

@ONLINE{render_cycle,
  url = {http://www.html.it/pag/41287/rendering-in-cycles/}
}
@ONLINE{render_canvas,
  url = {http://threejs.org/docs/#Reference/Renderers/CanvasRenderer}
}
@ONLINE{path_ray,
  url = {http://home.lagoa.com/2014/04/ray-tracing-vs-path-tracing-in-plain-english/}
}
@ONLINE{rayt1,
  url = {http://www.cs.mun.ca/av/old/teaching/cg/notes/rayt.pdf}
}
@ONLINE{path1,
  url = {http://cg.informatik.uni-freiburg.de/course_notes/graphics2_09_pathTracing.pdf}
}
@ONLINE{path3,
  url = {http://chunky.llbit.se/path_tracing.html}
}

webgl

@ONLINE{webgl1,
  url = {https://developer.mozilla.org/it/docs/Web/API/WebGL_API/Tutorial/Getting_started_with_WebGL}
}
@ONLINE{webgl2,
  url = {https://www.khronos.org/webgl/}
}
@ONLINE{webgl3,
  url = {http://www.html.it/articoli/webgl-3d-real-time-e-opengl-su-html5-3/}
}
@ONLINE{webgl5,
  url = {http://webglfundamentals.org/webgl/lessons/webgl-how-it-works.html}
}
@ONLINE{webgl6,
  url = {http://www.html5rocks.com/en/tutorials/webgl/shaders/}
}
@ONLINE{webgl7,
  url = {https://msdn.microsoft.com/it-it/library/dn385809(v=vs.85).aspx}
}
@ONLINE{webgl8,
  url = {http://html5today.it/tutorial/corso-webgl-pipeline-rendering/}
}
@ONLINE{webgl9,
  url = {http://antrodelnerd.blogspot.it/2013/06/threejs-una-libreria-per-un-webgl.html}
}

node

@ONLINE{node1,
  url = {http://blog.gianlucatramontana.it/2015/05/node-js-cose-come-si-usa/}
}
@ONLINE{node2,
  url = {http://www.tutorialspoint.com/nodejs/nodejs_introduction.htm}
}
@book{node3,
   author =    {Flavius-Florin Harabor},
   title =     {NodeJS},
   year =      {2015}
}
@ONLINE{node4,
  url = {http://www.html.it/articoli/javascript-asincrono-le-promise-e-la-libreria-q/}
}
@ONLINE{node5,
  url = {http://www.tutorialspoint.com/nodejs/nodejs_express_framework.htm}
}


json

@ONLINE{json1,
  url = {http://www.json.org/json-it.html}
}
@ONLINE{json2,
  url = {https://github.com/mrdoob/three.js/wiki/JSON-Model-format-3}
}

envmap

@ONLINE{env1,
  url = {http://www.math.cornell.edu/~mec/Summer2009/Amarshall/page4b.html}
}
@ONLINE{env2,
  url = {http://graphics.stanford.edu/courses/cs148-10-summer/docs/2006--degreve--reflection_refraction.pdf}
}
@ONLINE{env3,
  url = {http://http.developer.nvidia.com/CgTutorial/cg_tutorial_chapter07.html}
}


NAVIGATOR

@ONLINE{octree1,
  url = {http://physics.ujep.cz/~mmaly/vyuka/ruzne/grafika/OpenGL/OpenGL%20-%20Open%20Graphics%20Library/OGL-Tutors/Octree.htm}
}
@ONLINE{collision1,
  url = {http://www.toptal.com/game/video-game-physics-part-ii-collision-detection-for-solid-objects}
}
@ONLINE{sensor,
  url = {https://developer.oculus.com/documentation/pcsdk/latest/concepts/dg-sensor/}
}
@ONLINE{octree2,
  url = {https://github.com/collinhover/threeoctree}


}
@ONLINE{docube,
  url = {http://learningthreejs.com/data/lets_do_a_cube/docs/lets_do_a_cube.html}
}
@ONLINE{createscene,
  url = {http://threejs.org/docs/index.html#Manual/Introduction/Creating_a_scene}
}


lightmap

@ONLINE{light3,
  url = {http://the-witness.net/news/2010/03/graphics-tech-texture-parameterization/}
}
@ONLINE{light4,
  url = {http://the-witness.net/news/2010/03/graphics-tech-precomputed-lighting/}
}
@ONLINE{light5,
  url = {http://graphics.cs.cmu.edu/nsp/course/15-462/Spring04/slides/16-radiosity.pdf}
}
@ONLINE{light2,
  url = {http://www.siggraph.org/education/materials/HyperGraph/radiosity/overview_1.htm}
}
@book{light6,
   author =    {David Larsson},
   title =     {Pre-computing Lighting in Games},
   year =      {2010}
}
@ONLINE{light7,
  url = {http://fabiensanglard.net/quake2/quake2_opengl_renderer.php}
}
@ONLINE{light8,
  url = {http://the-witness.net/news/2011/07/irradiance-caching-part-1/}
}
@ONLINE{light9,
  url = {http://www.flipcode.com/archives/Lightmaps_Static_Shadowmaps.shtml}
}
@ONLINE{light10,
  url = {http://www.flipcode.com/archives/Light_Mapping_Theory_and_Implementation.shtml}
}
@ONLINE{light1,
  url = {https://developer.valvesoftware.com/wiki/Lightmap}
}
@ONLINE{open11,
  url = {https://www.opengl.org/wiki/Main_Page}
}
@ONLINE{open12,
  url = {https://www.opengl.org/documentation/specs/version1.1/glspec1.1/node93.html}
}
@ONLINE{open13,
  url = {http://docplayer.it/11474891-Introduzione-alle-opengl-di-federico-ninjacross-coletto.html}
}
@ONLINE{fetchapi,
  url = {https://developer.mozilla.org/en-US/docs/Web/API/Fetch_API}
}
@ONLINE{io_three,
  url = {https://github.com/mrdoob/three.js/tree/master/utils/exporters/blender}
}

libri/articoli/slides

@book{real_time_book,
   author =    {Thomas Akenine-MÃ¶ller and Eric Haines and Naty Hoffman},
   title =     {Real-Time Rendering},
   publisher = {A K Peters Ltd.},
   year =      {2008}
}
@book{real_time_collision,
   author =    {Christer Ericson},
   title =     {Real-Time Collision Detection},
   publisher = {Elsevier Inc.},
   year =      {2005}
}
@book{brdf,
   author =    {Chris Wynn},
   title =     {An Introduction to BRDF-Based Lighting},
   year =      {2000}
}
@book{udacity_lesson,
   author =    {Eric Haines},
   title =     {Interactive 3D Graphics},
}
@book{monte_path,
   author =    {Eric Lafortune},
   title =     {Mathematical Models and Monte Carlo Algorithms for Physically Based Rendering}
}